<?xml version="1.0" encoding="UTF-8"?><collection xmlns="http://www.loc.gov/MARC21/slim"><record><leader>00619nam--2200193-i-4500</leader><controlfield tag="001">000017067</controlfield><controlfield tag="002">20161230</controlfield><controlfield tag="005">20161230201032</controlfield><controlfield tag="008">060222s1000------------r-----000-0-rum-d</controlfield><datafield ind1=" " ind2=" " tag="040"><subfield code="a">IFIN-HH</subfield></datafield><datafield ind1=" " ind2=" " tag="041"><subfield code="a">rum</subfield></datafield><datafield ind1=" " ind2=" " tag="080"><subfield code="a">539.172.17(043)</subfield></datafield><datafield ind1="1" ind2=" " tag="100"><subfield code="a">Cata, Irina</subfield></datafield><datafield ind1="1" ind2="0" tag="245"><subfield code="a">Dinamica proceselor de dezintegrare radioactiva prin emisie spontana de ioni grei</subfield><subfield code="b">Teza</subfield><subfield code="c">Irina cata</subfield></datafield><datafield ind1=" " ind2=" " tag="260"><subfield code="a">Bucuresti</subfield><subfield code="b">Instutul De Fizica Atomica</subfield><subfield code="c">1991</subfield></datafield><datafield ind1=" " ind2=" " tag="300"><subfield code="a">109 + 40 FIG</subfield></datafield><datafield ind1=" " ind2=" " tag="502"><subfield code="a">Conducator Stiintific: Acad.Prof.Dr.Doc. Ioan Ursu, Prof.Dr. Marius Petrascu</subfield></datafield><datafield ind1=" " ind2=" " tag="852"><subfield code="a">79903</subfield><subfield code="c">539.17</subfield></datafield><datafield ind1=" " ind2=" " tag="CAT"><subfield code="a">Sys</subfield><subfield code="c">20120628</subfield><subfield code="h">125719</subfield></datafield></record></collection>